<mx:record xmlns="http://www.w3.org/TR/xhtml1/strict" xmlns:mx="http://www.loc.gov/MARC21/slim" xmlns:xsi="http://www.w3.org/2001/XMLSchema-instance"><mx:leader>00000nz   2200000n  0000</mx:leader><mx:controlfield tag="001">oca01409376 </mx:controlfield><mx:controlfield tag="005">19851018085550.2</mx:controlfield><mx:controlfield tag="008">851007n| acannaab|          |a aaa ||| b</mx:controlfield><mx:datafield ind1=" " ind2=" " tag="010"><mx:subfield code="a">n  85056645</mx:subfield></mx:datafield><mx:datafield ind1=" " ind2=" " tag="040"><mx:subfield code="a">DNLM</mx:subfield><mx:subfield code="c">DLC</mx:subfield><mx:subfield code="d">DLC</mx:subfield></mx:datafield><mx:datafield ind1="1" ind2=" " tag="100"><mx:subfield code="a">Priscianus, Theodorus.</mx:subfield></mx:datafield><mx:datafield ind1="0" ind2=" " tag="400"><mx:subfield code="a">Octavius Horatianus</mx:subfield></mx:datafield><mx:datafield ind1="0" ind2=" " tag="400"><mx:subfield code="a">Theodorus Priscianus</mx:subfield></mx:datafield><mx:datafield ind1="1" ind2=" " tag="400"><mx:subfield code="a">Prisciano, Teodoro</mx:subfield></mx:datafield><mx:datafield ind1=" " ind2=" " tag="670"><mx:subfield code="a">Triller, D.W. Succincta comment. de pleuritide, 1759:</mx:subfield><mx:subfield code="b">123 (Theodorus Priscianus, archiatrus)</mx:subfield></mx:datafield><mx:datafield ind1=" " ind2=" " tag="670"><mx:subfield code="a">His Rerum medicarum lib. quat., 1532:</mx:subfield><mx:subfield code="b">t.p. (Octavii Horatiani ...)</mx:subfield></mx:datafield><mx:datafield ind1=" " ind2=" " tag="670"><mx:subfield code="a">Harmoniae gynec., 1962:</mx:subfield><mx:subfield code="b">t.p. (Teodoro Prisciano)</mx:subfield></mx:datafield><mx:datafield ind1=" " ind2=" " tag="670"><mx:subfield code="a">Meyer-Steineg, T. Theodorus Priscianus u. die röm. Med., 1909.</mx:subfield></mx:datafield><mx:datafield ind1=" " ind2=" " tag="670"><mx:subfield code="a">Hirsch. Biog. Lex.</mx:subfield><mx:subfield code="b">(Priscianus, Theodorus; lived at turn of 4th-5th cent.; works publ. in 1532 and 1544 under pseud.: Octavius Horatianus)</mx:subfield></mx:datafield><mx:datafield ind1=" " ind2=" " tag="670"><mx:subfield code="a">Kleine Pauly</mx:subfield><mx:subfield code="b">(Theodorus Priscianus, ca. 400 A.D.)</mx:subfield></mx:datafield><mx:datafield ind1=" " ind2=" " tag="670"><mx:subfield code="a">NUC, pre-&amp;#039;56</mx:subfield><mx:subfield code="b">(Priscianus, Theodorus)</mx:subfield></mx:datafield></mx:record>